2928 5358
848 445 909 516 -94

331 599 338 610 ¹
391 622 478 692 ultra
497 617 631 686 modum
644 573 808 684 'ridiculos
824 617 944 702 dicant,
968 615 1024 684 sed
1039 608 1154 704 quovis
1165 616 1308 706 pignore
1319 639 1384 684 cer·

389 765 460 816 tare
479 739 581 809 velim
587 783 600 823 ,
619 735 708 829 ipsos
729 752 761 805 et
780 737 967 826 Ergasilum
994 753 1026 806 et
1048 735 1299 823 (lnrcnlioncm,
1321 739 1383 805 Aa

389 881 575 969 spangam,
600 857 771 949 ipsumque
791 859 899 926 ridere
919 858 1141 948 Gelasimum,
1173 859 1275 945 quium
1298 859 1382 925 omni

273 1001 282 1014 '
336 998 354 1086 ',
390 1009 510 1058 coenae
530 1005 587 1071 spe
607 979 732 1047 abiecta
750 979 884 1064 iamiam
904 999 1118 1070 suspensuras
1138 979 1296 1047 sedicit:
1323 983 1382 1046 llrlo

390 1123 436 1198 eet
458 1109 611 1172 cauam
631 1107 740 1166 mucra
788 1099 924 1168 Praeter
952 1115 1094 1168 caeteros
1121 1116 1229 1169 antem
1256 1101 1381 1190 egregie

389 1247 484 1326 poeta
500 1225 599 1295 linxit
616 1220 847 1305 Saturionem,
867 1221 1009 1312 quinon
1029 1223 1138 1290 minus
1157 1219 1288 1309 quidem
1306 1246 1379 1290 ven·

389 1354 432 1422 tri
448 1349 577 1432 studet,
604 1344 661 1412 sed
684 1341 879 1412 Phormioni
905 1343 977 1410 fere
1006 1341 1121 1410 similis
1147 1365 1216 1410 non
1247 1341 1379 1410 ridicule

356 1463 359 1482 ¹
388 1473 494 1558 diem,
515 1467 572 1537 sed
594 1464 795 1534 offiduitare
815 1465 940 1534 vietum
968 1480 1130 1548 meretur,
1159 1478 1191 1531 et
1211 1465 1316 1532 multa
1339 1465 1378 1531 le·

388 1595 464 1688 pide
484 1588 660 1661 admodum
679 1600 834 1676 nugatur,
853 1585 924 1655 sive
943 1585 1051 1677 potins
1072 1583 1210 1652 ridicule
1237 1585 1376 1676 philoso-

388 1718 520 1810 phatur.
539 1747 583 1764 ·-
599 1709 756 1778 Parasitis
780 1705 929 1797 'proximi
955 1721 1036 1775 sunt·
1058 1707 1298 1799 sycophantae,
1328 1706 1375 1794 qui

386 1841 425 1908 in
446 1831 644 1905 Curculione
662 1845 694 1898 et
712 1828 888 1914 Pseudolo,
912 1827 1084 1919 praecipue
1111 1851 1192 1897 vcro
1221 1825 1259 1895 in
1284 1828 1377 1896 Persa

328 2002 332 2015 ·
387 1973 420 2028 et
433 1956 631 2026 Trinummo
651 1949 882 2040 lepidissimam
901 1964 1063 2040 praestant
1084 1972 1228 2039 operam.
1270 1949 1373 2016 Leno·

386 2101 472 2147 num
492 2090 524 2142 et
544 2070 777 2163 trapezitarum
796 2093 897 2159 prope
918 2093 1022 2136 unum
1043 2085 1092 2136 eat
1115 2039 1242 2160 genhs'a
1275 2069 1375 2160 impu·

311 2255 322 2278 ,
380 2197 483 2280 ¹rum,
510 2193 737 2275 inhonestum,
766 2189 956 2274 rusticum,
975 2189 1102 2258 fraudis
1127 2191 1273 2279 plenum.
1314 2189 1376 2261 lde·

388 2323 453 2412 que
472 2317 612 2386 multum
632 2314 674 2382 ah
693 2312 734 2382 iis
752 2311 848 2379 distat
864 2333 969 2402 rapax
981 2325 1164 2398 'coquorum
1183 2335 1278 2401 grex.
1315 2309 1374 2380 Ne·

386 2441 455 2510 acio
474 2463 518 2506 an
531 2434 688 2503 eiusmodi
710 2431 855 2523 personis
876 2455 972 2498 nemo
993 2455 1146 2522 magnam
1163 2432 1294 2500 laudem
1312 2455 1374 2498 me·

387 2561 455 2631 reri
475 2557 587 2650 possit.
607 2593 651 2610 -
671 2553 881 2622 Meretricum
891 2553 974 2618 aliae
990 2568 1065 2620 sunt
1080 2568 1251 2643 protervae
1264 2568 1372 2620 etver·

387 2700 497 2782 sutae,
518 2694 556 2747 ut
571 2675 760 2758 Bacchides,
781 2673 1051 2758 Acroteleutium,
1074 2673 1246 2756 Erotium
1278 2676 1373 2741 multo

337 2887 339 2894 χ
386 2803 494 2874 maior
502 2823 589 2891 pars,
603 2815 641 2866 ut
649 2795 848 2880 Planesium,
857 2793 1031 2878 Silenium,
1044 2781 1286 2880 Philematium,
1300 2795 1373 2862 Phi·

386 2921 610 3002 locomasium,
620 2916 856 3006 Adelphasium
870 2939 944 2982 cnm
957 2938 1069 2982 sorore
1077 2915 1283 3000 Anterastili,
1292 2917 1373 3004 frugi

387 3041 540 3112 mulieres
560 3049 593 3104 et
612 3035 688 3104 satis
708 3035 880 3120 honestae,
907 3033 1068 3121 uniusque
1088 3037 1239 3102 amatoris
1260 3037 1374 3104 amicae

339 3175 344 3186 ‘
386 3158 601 3234 fidelissimae.
622 3185 626 3192 ·
651 3153 690 3226 Si
710 3179 808 3244 quam
827 3154 910 3222 mihi
930 3155 1099 3245 displicere
1126 3157 1295 3226 latendum
1324 3157 1373 3252 sit,

382 3282 604 3357 'Phronesium
633 3279 740 3346 dicam
766 3279 835 3344 'csse
862 3301 936 3344 cnm
959 3251 1123 3367 ¹Astaphio
1149 3301 1220 3346 sua.
1242 3319 1284 3330 -
1313 3276 1374 3347 Sed

385 3412 483 3496 longe
510 3402 733 3474 felicissimum
759 3415 807 3466 ast
834 3399 944 3468 Plauti
971 3398 1140 3488 ingenium
1170 3399 1206 3466 in
1233 3401 1374 3492 partihne

258 3565 268 3582 ·
384 3549 575 3609 servorem,
594 3545 701 3610 neque
720 3520 844 3609 ingenii
861 3519 1041 3603 celeritate,
1061 3519 1188 3612 consilii
1206 3523 1375 3590 calliditate
1427 3565 1428 3612 3

384 3668 417 3721 et
436 3647 623 3718 sermonum
643 3641 816 3712 festivitate
836 3643 922 3729 quod
943 3641 1138 3734 Epidicum,
1167 3639 1372 3737 Chrysalum,
1427 3659 1428 3662 ’

382 3769 638 3844 Palaestrionem
657 3779 689 3832 et
708 3761 907 3830 Pseudolum
926 3763 1055 3848 vincat,
1086 3763 1261 3850 quidquam
1283 3761 1371 3832 nori.

236 3923 249 3944 ι
383 3895 497 3964 unum
517 3885 667 3958 Terentii
679 3885 815 3954 Davum
835 3907 935 3972 aeque
955 3886 1072 3968 laudo;
1094 3885 1212 3952 caeteri
1232 3911 1275 3954 nc
1288 3909 1373 3952 com·

383 4011 518 4108 parandi
539 4009 669 4099 quidem
688 4021 764 4073 sunt
784 4029 859 4072 cam
880 4004 958 4074 illia.

412 4159 414 4164 ·
445 4134 621 4220 Postquam
639 4129 683 4197 ‘dc
702 4126 847 4220 panonia
862 4125 936 4194 dixi·
954 4126 996 4192 de·
1013 4126 1216 4235 totislahnlis
1237 4127 1372 4198 verbum
