2928 5358
78 921 310 1074 Postqtram
331 985 474 1076 priorem
495 975 763 1069 dissertationem,
783 987 881 1073 qnam
894 985 1022 1077 publice
1043 987 1101 1056 de·
1140 1014 1145 1034 ¹

79 1087 274 1180 senriorem,
299 1088 474 1176 edideram,
489 1087 638 1156 intellexi
651 1088 691 1155 de
703 1087 784 1156 locis
803 1087 1005 1176 quibusdam,
1020 1115 1113 1177 qnos.

82 1189 234 1258 Breviter
257 1191 372 1280 magis
392 1191 668 1283 perstrinxeram,
691 1215 788 1278 qnam
808 1209 957 1260 accurate
983 1209 1102 1261 tracta-

85 1317 201 1362 veram
224 1293 384 1362 dubitari
400 1317 506 1386 posse.
548 1291 595 1360 ln,
610 1294 660 1362 his
682 1293 873 1386 praecipuus
894 1311 941 1364 est
960 1295 988 1364 is
998 1291 1008 1374 ,'
1038 1303 1103 1384 qno

90 1399 213 1486 negavi
235 1397 403 1468 Plantam
427 1395 507 1463 tales
534 1397 651 1466 iecisse
674 1395 838 1484 senarios,
867 1397 971 1488 qualit
1001 1398 1103 1486 editus

89 1501 196 1615 fuerpt
217 1501 328 1594 Epid.
350 1499 412 1584 iil,
433 1499 466 1576 4,
483 1492 539 1567 ²7.
716 1501 719 1508 “

178 1605 268 1672 wat
286 1609 372 1672 olam
390 1611 427 1670 ot
444 1591 613 1681 tremenda,
637 1591 799 1690 argentam
819 1605 994 1690 ιὶιιιίιίιιι.ι
1082 1683 1087 1692 ,

91 1701 167 1774 Non
187 1715 313 1775 meum
334 1731 422 1774 nune
441 1720 500 1788 est,
524 1727 691 1792 quaerere,
711 1729 793 1773 num
809 1704 944 1774 vitiosus
963 1705 1008 1774 sit
1024 1708 1104 1791 'ver--¹

94 1831 162 1886 sna,
186 1827 222 1878 et
242 1836 312 1900 qno
330 1811 429 1878 motio
449 1809 673 1897 corrigendus.
716 1807 855 1876 Videtur
874 1831 952 1876 sane
972 1809 1105 1878 mutilus

95 1935 173 1979 esse.
222 1913 394 1982 Idunum
418 1935 485 1978 non
506 1927 609 1996 muto,
631 1911 687 1979 sed
707 1911 903 2002 pertinacius
917 1911 1012 1978 etiam
1025 1937 1105 2002 con·

98 2015 218 2100 tendo,¹
236 2039 310 2096 non
330 2017 498 2082 ferendam
510 2038 577 2082 esse
587 2016 745 2084 eiusmodi
758 2039 936 2084 caesuram.
957 2053 999 2070 -
1018 2013 1106 2082 Nam

96 2139 197 2202 quum
222 2120 382 2188 continua
402 2117 513 2186 Plauti
532 2119 672 2188 lectione
692 2119 738 2188 ita
758 2119 902 2188 numetis
931 2143 1024 2186 aures
1053 2143 1107 2186 aa·
1163 2201 1165 2216 ¹

94 2221 301 2308 sne‘viasent,
318 2239 361 2291 'ut
379 2223 524 2290 indicare
536 2237 637 2312 'posse
660 2221 743 2289 mihi
762 2223 904 2304 viderer,
927 2223 1004 2308 qnid
1025 2237 1107 2288 earet

60 2359 63 2369 =
92 2320 318 2408 Plaetorium,
340 2325 418 2410 quid
437 2341 524 2406 non,
546 2324 668 2412 negavi
686 2339 772 2388 recte
792 2323 885 2407 fieri,
912 2323 998 2408 quod
1018 2317 1105 2387 nair

94 2442 192 2510 quam
212 2427 344 2490 factum
359 2425 583 2505 memineram.
627 2423 726 2509 Quod
737 2447 837 2510 quum
850 2429 958 2492 tamen
971 2421 1106 2493 dubium

92 2526 203 2595 videri
227 2513 479 2616 comperissem,
500 2531 569 2592 non
589 2525 756 2608 recusavi,
778 2525 856 2615 quin
876 2527 982 2595 denuo
1003 2507 1107 2594 Plan·

95 2628 167 2697 tuni
189 2629 340 2698 studiose
345 2641 498 2751 ..atque
475 2629 534 2696 ιιιιι
524 2619 631 2696 linio
651 2629 701 2698 rei
722 2630 864 2698 intentus¹
893 2633 1105 2732 perlegerem.

104 2731 255 2825 ‘Atque'
239 2733 356 2801 moeni
368 2757 488 2823 paucos
500 2734 654 2820 quosdam
668 2729 793 2818 versas,
812 2733 978 2821 dequibus
995 2733 1106 2799 dicen·

106 2827 288 2903 dominini
305 2835 470 2921 videbam,
484 2859 525 2903 ne
535 2837 606 2923 quis
619 2837 718 2926 abuti¹
728 2837 768 2904 iis
778 2837 888 2928 possit.
921 2837 1106 2928 Aptequant

106 2962 198 3026 vero,
214 2963 298 3028 quae
309 2939 520 3029 scripseram,
544 2941 749 3032 typographo
768 2939 979 3008 exscribenda
997 2940 1105 3005 trade·
1138 2991 1139 2994 ,

110 3066 190 3129 rem,
202 3062 325 3111 cumeo
336 3067 406 3109 rem
416 3041 491 3111 viro
507 3042 870 3131 communicationem
881 3069 941 3136 ego
953 3043 1105 3111 sidixero

110 3169 181 3214 cum
201 3145 239 3214 in
257 3147 350 3232 omni
368 3146 566 3238 antiquitatis
588 3135 744 3226 scientiae
764 3153 901 3236 genere,
923 3163 992 3216 tum
1012 3144 1049 3212 in
1068 3170 1107 3212 re

113 3249 243 3318 metrica
255 3246 445 3339 principem,
459 3251 540 3317 scies
555 3251 779 3319 Godofredt'tm
785 3249 1017 3317 Hermannnm
1025 3265 1105 3314 esset

111 3350 216 3439 Atque
234 3367 272 3418 ut
307 3367 356 3418 est
373 3351 401 3417 is
421 3352 755 3421 'benevolentissimam
788 3368 882 3439 atque
907 3340 1107 3417 humanitate

112 3454 232 3522 nemim
222 3452 413 3538 secundas,
434 3467 509 3522 non
514 3443 622 3524 scium
634 3455 848 3538 sermonibus,
871 3452 946 3542 quid
961 3451 1105 3538 sentiret,

114 3557 271 3662 exposuit,
292 3559 523 3663 verumetiam
550 3559 690 3652 scripto,
714 3583 780 3653 quo
797 3583 825 3626 st
815 3557 966 3626 vellem
985 3571 1106 3644 uterer.

116 3654 210 3726 Mihi
220 3684 322 3746 vero,
355 3678 392 3729 ut
419 3660 506 3756 soleo
533 3662 688 3733 Plautina
716 3649 838 3748 dicta
825 3687 861 3728 ιιι
888 3653 1033 3778 promto
1026 3653 1107 3724 ha·

115 3757 194 3847 bere,
218 3763 374 3854 oppido
361 3782 560 3846 angariantem
582 3783 742 3842 venerunt
762 3789 876 3848 versos
898 3762 966 3830 itti:

197 3869 437 4014 Utatmthdqoe
467 3877 593 3938 catorum
628 3876 752 3938 verbnm
787 3874 918 3934 namma
884 3868 1107 4020 Hails'ppet's

679 3981 814 4042 ιιιιιιιίΙ
946 3993 949 4001 ·

159 4073 268 4140 N·on
278 4085 379 4162 potest
391 4025 517 4161 artferra‘
532 4081 602 4144 Ιιιιιι
622 4102 644 4142 a
662 4101 721 4156 nae,
740 4077 771 4142 ei
786 4084 859 4162 quta
872 4085 968 4139 endor
983 4029 1109 4138 macerit.

115 4169 259 4244 censebis
286 4201 340 4246 me
371 4181 527 4248 voluisse.
552 4197 594 4232 ·-·-
632 4179 800 4248 consentit
837 4197 946 4249 antem
980 4167 1122 4244 menan,
