2986 5510
393 1391 397 1398 ’
423 1367 612 1436 festinanter
631 1373 702 1419 rem
732 1331 894 1432 gessisict,
927 1349 960 1400 et
987 1322 1171 1416 diligentius
1191 1313 1427 1386 Palatinorum

426 1487 574 1556 codicum
589 1468 728 1558 vestigia
748 1460 930 1554 pressisset..

468 1600 653 1672 Laetiorem
666 1611 757 1680 spem
769 1571 958 1674 portendere
969 1573 1089 1674 Plauto
1101 1563 1296 1635 videbantur
1308 1549 1433 1620 novis-

435 1728 536 1796 simae
545 1711 675 1810 Epidici
694 1725 727 1776 et
739 1701 939 1774 Bacchidum
958 1692 1126 1774 editiones,
1142 1703 1281 1772 quarum
1291 1676 1436 1774 alteram

433 1841 620 1918 Fridericus
652 1832 772 1914 lacob,
809 1817 943 1893 alteram
977 1811 1118 1907 eamque!
1135 1801 1298 1896 duplicem
1323 1791 1439 1862 emisit

435 1939 657 2037 machalius(
705 1953 757 2016 Ac
781 1935 957 2010 Ritscbelio
985 1934 1116 2021 quidem
1134 1945 1253 2014 magna
1282 1915 1441 1987 habenda

417 2061 488 2154 vest
512 2077 635 2170 gratia,
668 2067 753 2157 quod
789 2059 936 2127 omnium
962 2052 1087 2144 primus
1116 2063 1185 2114 tam
1203 2040 1443 2112 Palatinorum

370 2186 377 2194 ¹
441 2226 541 2294 quam
561 2196 702 2264 aliorum
731 2181 879 2252 codicum
909 2173 1148 2256 editionumque
1175 2156 1445 2244 memorabilium

442 2324 619 2414 scripturae
639 2304 858 2378 diversitatem
877 2266 1120 2384 diligentissime
1138 2281 1280 2365 notavit,
1300 2300 1363 2365 qua
1384 2297 1451 2341 so-

444 2448 479 2513 la
505 2438 583 2508 fieri
597 2445 701 2526 potest
726 2423 869 2508 ratione,
900 2432 937 2484 ut
962 2398 1104 2482 incertae
1130 2400 1265 2492 originis
1291 2398 1452 2484 uulgata,

447 2557 586 2634 coercita
607 2543 807 2621 coniectandi
823 2523 968 2615 libidine,
989 2529 1154 2616 tambuam
1173 2525 1214 2591 ad
1223 2519 1370 2614 Lydium
1391 2515 1455 2580 la-

448 2683 558 2778 pidem
585 2655 745 2760 exigetur.
804 2659 917 2748 ltaque
951 2671 1146 2742 quamquam
1175 2618 1220 2710 iu¹
1243 2641 1323 2711 locis
1356 2633 1457 2705 baud

451 2800 562 2900 paucis
583 2821 604 2864 a
622 2793 698 2864 viro
716 2782 903 2854 ‘duodecimo
933 2768 1104 2852 dissentio,
1139 2759 1247 2850 tamen
1273 2761 1456 2827 salutarem

453 2925 523 2992 eius
544 2934 678 3006 operam
696 2905 817 2974 Plauto
836 2903 909 2966 fore
927 2887 1140 2970 nondubito,
1159 2881 1313 2972 quidquid
1332 2875 1457 2944 clami-

454 3054 525 3109 tent
544 3037 790 3118 obstrepantque
809 3015 1034 3086 Palatinarum
1051 3006 1198 3077 codicum
1221 3026 1350 3082 osores.3
1384 2995 1459 3064 co-

458 3162 537 3254 gitet
555 3171 663 3224 tamen
681 3145 858 3234 „insanum
872 3157 1027 3226 maguum
1038 3153 1113 3200 eum
1124 3125 1235 3194 moliri
1245 3119 1460 3211 negotium,“

460 3280 517 3370 qui
536 3276 576 3344 ad
598 3267 805 3362 digerendam
826 3286 864 3330 ac
885 3255 1105 3345 refingendam
1124 3249 1219 3316 istam
1238 3244 1360 3311 molem
1384 3259 1458 3304 sese

462 3400 627 3487 accinget,
650 3413 755 3478 noque
774 3386 914 3453 multum
933 3377 1083 3471 prodesse
1100 3366 1334 3462 amplissimum
1355 3380 1460 3448 appa·

374 3527 378 3534 ’
464 3537 591 3602 ratum,
611 3513 675 3582 nisi
702 3509 830 3578 accedet
856 3499 1062 3595 plenissima,
1085 3518 1153 3562 non
1173 3474 1270 3556 modo
1298 3467 1460 3568 sermonis

460 3635 629 3720 Plautini,
659 3627 896 3702 verumetiam
922 3617 1092 3713 prosodiae
1119 3626 1213 3698 atque
1237 3601 1459 3697 metricorum,

384 3835 386 3842 ,
468 3783 548 3850 quas
575 3757 633 3824 ille
663 3739 791 3842 iridem
811 3761 936 3816 secutus
958 3754 1023 3823 est,
1055 3736 1165 3823 legum
1193 3724 1334 3818 cognitio
1364 3730 1462 3808 atque

469 3882 583 3950 intima
602 3874 692 3966 quasi
713 3870 927 3940 familiaritas.
949 3847 954 3946 Γ
1332 3850 1334 3854 ’

554 3999 641 4069 Nam
661 3997 697 4064 in
717 3983 939 4079 examinandis
958 3975 1158 4046 Bacchidum
1178 3968 1371 4039 editionibus
1390 3961 1465 4030 vidi

473 4093 655 4188 dubitanter
676 4138 751 4204 eum
770 4105 926 4199 quaedem
942 4100 1108 4192 proferre,
1143 4117 1225 4182 quae
1250 4102 1325 4156 sunt
1351 4081 1467 4150 certis-

472 4241 574 4324 sime,
609 4239 710 4322 multa
741 4223 994 4322 praetermittere
1019 4234 1075 4290 aut
1101 4215 1283 4304 corrigere,
1319 4229 1400 4294 quae
1420 4225 1467 4269 ex

379 4379 384 4396 ‘
427 4443 430 4454 ,
470 4358 676 4448 eedemlege
695 4365 788 4424 erant
807 4345 998 4432 iudicanda,
1035 4339 1172 4428 denique
1198 4331 1338 4406 nimium
1365 4326 1469 4398 inter.
