2928 5358
49 801 249 894 elegantior
264 815 317 870 eet
336 799 519 874 Plautino?
539 798 639 870 (inre.
661 800 707 888 V,
727 801 761 887 t,
784 804 816 875 1.
874 823 878 836 ¹
1015 852 1042 869 ..

134 963 319 1044 Autiqeeom
332 969 460 1046 pectem
481 963 588 1026 audivi
604 966 756 1045 eatpatee
775 965 808 1026 ἐκ
833 961 1013 1048 ttaguedu,
1040 969 1054 982 ”
1087 997 1092 1004 ·
1190 991 1192 998 ·

135 1061 300 1146 Mulieiea
328 1084 408 1147 duaa
431 1088 551 1168 peiores
569 1105 650 1161 oeae,
680 1104 773 1167 quam
805 1103 909 1147 autam.
951 1103 1007 1147 rea·
1020 1065 1065 1148 ita

648 1211 702 1268 eet

47 1406 357 1506 QuamUmnbtaox
388 1407 733 1498 houmere-ademi
765 1411 953 1500 possintex'
986 1409 1061 1476 unia

47 1527 252 1616 Equin‘bns,
289 1529 354 1598 nisi
385 1530 532 1619 puderet.
578 1529 633 1597 ·At
660 1531 747 1598 euim
775 1535 816 1600 da
843 1531 1062 1620 Ar'ntopbane

50 1651 213 1719 iudicium
242 1667 335 1718 etutc
353 1652 539 1718 detrectant
583 1649 701 1740 disier
721 1653 809 1720 enim
829 1667 941 1741 poetae
971 1652 1060 1718 fam

49 1787 104 1855 est,
127 1795 235 1859 qnam
255 1795 338 1859 quae
358 1771 463 1838 minui
483 1795 595 1838 rerum
613 1749 851 1862 turpicularnm
873 1770 1055 1862 exprobra·

50 1889 135 1958 tione
154 1891 268 1984 pessit
279 1917 289 1976 ς
302 1892 448 1960 vPlautus
468 1891 602 1984 impune
620 1894 771 1962 laeditur.
813 1889 894 1961 Nou
906 1914 992 1980 nego
1012 1891 1055 1958 il-

50 2013 103 2078 lud
139 2013 392 2082 comoediarum
418 2035 540 2114 genus,
570 2029 799 2104 argumentum
826 2029 860 2081 et
882 2004 1084 2082 eonsilium

52 2132 221 2222 scriptoris
243 2135 332 2222 quod
354 2133 478 2218 attinet,
500 2159 575 2200 cunt
596 2135 714 2204 noan-is
735 2134 855 2207 fabulis
867 2120 1056 2221 neutiipnam

52 2254 239 2342 comparari
251 2279 357 2344 posse,
379 2271 520 2324 attamen
541 2230 571 2324 ai
591 2259 667 2346 qnid
679 2258 853 2350 impudice,
875 2256 904 2323 ai
923 2233 1053 2339 iustiee,

51 2371 77 2436 ai
95 2373 230 2442 inflecte
256 2378 379 2444 dictum
401 2395 459 2462 eet,
483 2403 551 2446 uon
572 2379 757 2448 defenditur
782 2379 910 2466 geneda
939 2376 1050 2444 diver·
1103 2461 1111 2470 ν

25 2563 29 2570 ,
52 2493 151 2560 sitate.
175 2533 223 2548 -
245 2494 331 2563 Sunt
352 2515 461 2564 autem
482 2499 544 2592 ista
565 2497 675 2563 omnia
695 2521 762 2562 nou
784 2520 827 2562 ex
846 2495 976 2577 naonis,
995 2494 1050 2561 aed

50 2637 89 2681 ex
107 2614 199 2698 illis,
217 2613 340 2700 ,quibus
361 2615 479 2705 scripta
501 2631 588 2702 sunt,
611 2615 809 2706 temporibus
824 2615 1051 2699 iudicanda*),

52 2751 78 2801 et
96 2717 376 2822 quemadmodum
406 2761 466 2804 noa
495 2739 616 2808 multis*
635 2738 673 2814 in
698 2753 846 2806 veterum
876 2736 1049 2804 comoediis

53 2854 270 2940 ostendimur,
310 2855 357 2924 ita
389 2881 457 2925 non
485 2859 615 2944 dubito,
648 2859 728 2946 quin
756 2874 886 2926 nostrae
918 2857 1049 2924 fabulae

56 2997 170 3063 magna
201 3000 247 3042 ex
266 2993 359 3067 parta
382 2980 544 3049 veteribus
570 2973 716 3046 inficetae
745 2994 777 3046 et
802 2978 929 3068 ineptae
960 2979 1051 3047 visae

57 3097 171 3163 dorent.
213 3095 259 3164 'Et
278 3100 384 3167 fateor
403 3126 457 3168 me
479 3100 643 3186 dubitare,
670 3125 721 3168 -an
748 3103 828 3166 baec
856 3123 982 3166 summa
1006 3099 1049 3168 sit

60 3217 239 3285 comoediae
258 3219 385 3307 virtus,
420 3237 457 3289 nt
485 3222 570 3309 quod
591 3221 627 3288 in
654 3221 773 3289 nostris
802 3221 871 3287 fede
899 3213 1047 3288 omnibus

61 3339 92 3404 bt
106 3339 235 3423 sabulis,
251 3365 312 3430 par
331 3343 520 3426 amantium,
541 3344 639 3410 modo
659 3343 922 3425 furibundorum,
944 3318 1053 3410 mori·¹

65 3480 116 3542 que
134 3475 340 3550 paratorum,
359 3465 455 3532 modo
477 3465 565 3533 lento
583 3465 659 3553 igne
675 3460 903 3529 tabescentium
917 3463 974 3550 per
989 3488 1048 3530 va-

62 3577 118 3646 rios
139 3607 265 3650 errores
285 3583 526 3676 voluptatisque
548 3601 579 3652 et
600 3583 723 3668 doloris
735 3580 971 3650 vicissitudines
983 3587 1047 3653 tori

69 3721 217 3794 compotes
238 3706 326 3772 fiant

60 3891 62 3898 ,
119 3823 296 3892 Enimvero
313 3839 459 3891 nostram
486 3841 621 3894 aetatem
639 3849 707 3892 non
732 3824 840 3890 minus
862 3824 932 3892 istie
953 3828 1049 3896 rebus

107 4061 132 4128 a)
145 4067 203 4120 Nun
215 4081 338 4135 pureum.
356 4064 423 4138 quin
435 4065 544 4123 Goetbii
561 4065 606 4126 bie
615 4057 716 4124 ebreus
729 4083 868 4140 apponam
878 4069 971 4140 lacem
988 4039 1062 4130 ccu-⁴
1170 4082 1180 4096 ‘

67 4141 180 4223 deantes,
199 4169 256 4223 qua
272 4157 390 4210 Plautus
407 4153 433 4210 ai
450 4153 513 4227 quia
530 4169 654 4225 uuquam
672 4165 755 4228 poeta
773 4157 935 4213 tenebature
1021 4191 1024 4204 ·
1041 4166 1043 4175 ¹

125 4239 198 4293 Eueb
213 4241 250 4296 itt
269 4246 402 4311 Lekottttt,
419 4260 475 4296 acne
490 4241 537 4295 uir
554 4243 696 4312 Muses:

129 4325 182 4382 We
202 4332 294 4389 eoem
311 4333 387 4388 uere
405 4330 536 4387 curuo
552 4331 698 4405 emersa,

803 4434 853 4501 μ
